@Legal{GOST_15150-69,
  date     = {1971-01-01},
  keywords = {УХЛ},
  title    = {GOST_15150-69},
  abstract = {МАШИНЫ, ПРИБОРЫ И ДРУГИЕ ТЕХНИЧЕСКИЕ ИЗДЕЛИЯ.
ИСПОЛНЕНИЯ ДЛЯ РАЗЛИЧНЫХ КЛИМАТИЧЕСКИХ РАЙОНОВ.
КАТЕГОРИИ, УСЛОВИЯ ЭКСПЛУАТАЦИИ, ХРАНЕНИЯ И ТРАНСПОРТИРОВАНИЯ В ЧАСТИ ВОЗДЕЙСТВИЯ КЛИМАТИЧЕСКИХ ФАКТОВРО ВНЕШЕЙ СРЕДЫ},
}

@Book{NetworksOlifer2016,
  author       = {В.Олифер, Н.Олифер},
  date         = {2016},
  title        = {Компьютерные сети},
  isbn         = {978-5-496-01967-5},
  language     = {Russian},
  origlanguage = {English},
}

@Book{NetworksTanenbaum2023,
  author = {Э.Таненбаум, Н.Фимстер, Д.Уэзеролл},
  date   = {2023},
  title  = {Компьютерные СЕТИ},
  isbn   = {978-5-4461-1766-6},
}

@Book{Rotkop1976,
  author = {Rotkop},
  title  = {Обеспечение тепловых режимов при конструировании РЭА},
  date   = {1976},
}

@Electronic{SCHEMATICS,
  month        = may,
  organization = {FCC.},
  title        = {ASW800 ADSL WIRELESS ROUTER Schematics},
  url          = {https://fccid.io/RK9-ASW800/Schematics/SCHEMATICS-478020},
  year         = {2004},
}

@Electronic{EXTERNAL_PHOTOS,
  title = {ASW800 ADSL WIRELESS ROUTER EXTERNAL PHOTOS},
  url   = {https://fccid.io/RK9-ASW800/External-Photos/EXTERNAL-PHOTOS-478015},
  year  = {2004},
}

@Electronic{BLOCK_DIAGRAM,
  title = {ASW800 ADSL WIRELESS ROUTER Block Diagram},
  url   = {https://fccid.io/RK9-ASW800/Block-Diagram/BLOCK-DIAGRAM-478013},
  year  = {2004},
}

@Comment{jabref-meta: databaseType:bibtex;}
